@misc{ley18_2022,
  title        = {Ley 18/2022, de 28 de septiembre, de Creación y Crecimiento de Empresas},
  institution  = {Boletín Oficial del Estado},
  year         = {2022},
  url          = {https://www.boe.es/buscar/act.php?id=BOE-A-2022-15818},
  note         = {Consultado el 17--05--2025}
}
@online{origen_facturas,
  author       = {Ana Petrovic},
  title        = {From Clay to Cloud: A Deep Dive Into the History of Invoicing},
  year         = {2024},
  url          = {https://clockify.me/blog/tracking-time/history-of-invoicing/},
  note         = {Consultado el 17--05--2025}
}
@techreport{estudio_movilidad,
  author      = {Deloitte},
  title       = {2023 Mid-market Technology Trends Report},
  institution = {Deloitte},
  year        = {2023},
  url         = {https://www2.deloitte.com/content/dam/Deloitte/us/Documents/us-Deloitte-MMTS-report.pdf},
  note        = {Consultado el 17--05--2025}
}
@misc{rgpd,
  title        = {Reglamento (UE) 2016/679 del Parlamento Europeo y del Consejo, de 27 de abril de 2016, relativo a la protección de las personas físicas en lo que respecta al tratamiento de sus datos personales y a la libre circulación de estos datos},
  howpublished = {Diario Oficial de la Unión Europea L 119/1 (04/05/2016)},
  url          = {https://eur-lex.europa.eu/eli/reg/2016/679/oj},
  note         = {Consultado el 17--05--2025}
}
@misc{grado2024ulpgc,
  author       = {{Escuela de Ingeniería Informática, ULPGC}},
  title        = {Grado en Ingeniería Informática -- rev03},
  year         = {2024},
  url          = {https://eii.ulpgc.es/sites/default/files/2024-05/20240229%20Grado%20en%20Ingenier%C3%ADa%20Inform%C3%A1tica%20-%20rev03.pdf},
  note         = {Consultado el 17--05--2025}
}